@article{smoke_clouds,
  title={The effect of smoke particles on clouds and climate forcing},
  author={Kaufman, Yoram J and Fraser, Robert S},
  journal={Science},
  volume={277},
  number={5332},
  pages={1636--1639},
  year={1997},
  publisher={American Association for the Advancement of Science}
}

@article{threshold,
AUTHOR = {Zhao, Tom X.-P. and Ackerman, Steve and Guo, Wei},
TITLE = {Dust and Smoke Detection for Multi-Channel Imagers},
JOURNAL = {Remote Sensing},
VOLUME = {2},
YEAR = {2010},
NUMBER = {10},
PAGES = {2347--2368},
URL = {https://www.mdpi.com/2072-4292/2/10/2347},
ISSN = {2072-4292},
DOI = {10.3390/rs2102347}
}

@article{smoke_climate,
  title={The impact of boreal forest fire on climate warming},
  author={Randerson, James T and Liu, Heping and Flanner, Mark G and Chambers, Scott D and Jin, Yufang and Hess, Peter G and Pfister, Gabriele and Mack, MC and Treseder, KK and Welp, LR and others},
  journal={science},
  volume={314},
  number={5802},
  pages={1130--1132},
  year={2006},
  publisher={American Association for the Advancement of Science}
}


@article{hms,
author = {McNamara, Donna and Stephens, George and Ruminski, Mark and Kasheta, Tim},
year = {2004},
month = {01},
pages = {},
title = {The Hazard Mapping System (HMS) - NOAA'S multi-sensor fire and smoke detection program using environmental satellites},
journal = {Conference on Satellite Meteorology and Oceanography}
}

@article{hms_val,
  title={Validation analyses of an operational fire monitoring product: The Hazard Mapping System},
  author={Schroeder, W and Ruminski, M and Csiszar, I and Giglio, L and Prins, E and Schmidt, C and Morisette, J},
  journal={International Journal of Remote Sensing},
  volume={29},
  number={20},
  pages={6059--6066},
  year={2008},
  publisher={Taylor \& Francis}
}


@article{smokenet,
  title={SmokeNet: Satellite smoke scene detection using convolutional neural network with spatial and channel-wise attention},
  author={Ba, Rui and Chen, Chen and Yuan, Jing and Song, Weiguo and Lo, Siuming},
  journal={Remote Sensing},
  volume={11},
  number={14},
  pages={1702},
  year={2019},
  publisher={MDPI}
}

@article{larsen,
  title={A deep learning approach to identify smoke plumes in satellite imagery in near-real time for health risk communication},
  author={Larsen, Alexandra and Hanigan, Ivan and Reich, Brian J and Qin, Yi and Cope, Martin and Morgan, Geoffrey and Rappold, Ana G},
  journal={Journal of exposure science \& environmental epidemiology},
  volume={31},
  number={1},
  pages={170--176},
  year={2021},
  publisher={Nature Publishing Group US New York}
}
@article{smoke_monitoring,
  title={Airborne optical and thermal remote sensing for wildfire detection and monitoring},
  author={Allison, Robert S and Johnston, Joshua M and Craig, Gregory and Jennings, Sion},
  journal={Sensors},
  volume={16},
  number={8},
  pages={1310},
  year={2016},
  publisher={MDPI}
}


@inproceedings{data_size,
  title={Revisiting unreasonable effectiveness of data in deep learning era},
  author={Sun, Chen and Shrivastava, Abhinav and Singh, Saurabh and Gupta, Abhinav},
  booktitle={Proceedings of the IEEE international conference on computer vision},
  pages={843--852},
  year={2017}
}


@article{wang,
  title={Semantic segmentation and analysis on sensitive parameters of forest fire smoke using smoke-unet and landsat-8 imagery},
  author={Wang, Zewei and Yang, Pengfei and Liang, Haotian and Zheng, Change and Yin, Jiyan and Tian, Ye and Cui, Wenbin},
  journal={Remote Sensing},
  volume={14},
  number={1},
  pages={45},
  year={2022},
  publisher={Multidisciplinary Digital Publishing Institute}
}


@article{incr_anomaly,
  title={Framing the way to relate climate extremes to climate change},
  author={Trenberth, Kevin E},
  journal={Climatic change},
  volume={115},
  pages={283--290},
  year={2012},
  publisher={Springer}
}
    

@article{zen_angle,
  title={Evaluation and correction of viewing angle effects on satellite measurements of bidirectional reflectance},
  author={Royer, Alain and Vincent, Pierre and Bonn, Ferdinand},
  journal={Photogrammetric engineering and remote sensing},
  volume={51},
  number={12},
  pages={1899--1914},
  year={1985}
}


@article{goes_conv,
  title={Applying machine learning methods to detect convection using Geostationary Operational Environmental Satellite-16 (GOES-16) advanced baseline imager (ABI) data},
  author={Lee, Yoonjin and Kummerow, Christian D and Ebert-Uphoff, Imme},
  journal={Atmospheric Measurement Techniques},
  volume={14},
  number={4},
  pages={2699--2716},
  year={2021},
  publisher={Copernicus GmbH}
}


@article{wildfire_detect,
  title={Remote sensing meets deep learning: exploiting spatio-temporal-spectral satellite images for early wildfire detection},
  author={Phan, Thanh Cong and Nguyen, Thanh Tam},
  year={2019}
}

@inproceedings{therm_enc,
  title={Thermometer encoding: One hot way to resist adversarial examples},
  author={Buckman, Jacob and Roy, Aurko and Raffel, Colin and Goodfellow, Ian},
  booktitle={International conference on learning representations},
  year={2018}
}


@article{thresh_geog,
  title={An improved detection and characterization of active fires and smoke plumes in south-eastern Africa and Madagascar},
  author={Randriambelo, T and Baldy, S and Bessafi, M and Petit, Michel and Despinoy, Marc},
  journal={International Journal of Remote Sensing},
  volume={19},
  number={14},
  pages={2623--2638},
  year={1998},
  publisher={Taylor \& Francis}
}

@article{pm25_o3_health,
  title={Associations between respiratory health and ozone and fine particulate matter during a wildfire event},
  author={Reid, Colleen E and Considine, Ellen M and Watson, Gregory L and Telesca, Donatello and Pfister, Gabriele G and Jerrett, Michael},
  journal={Environment international},
  volume={129},
  pages={291--298},
  year={2019},
  publisher={Elsevier}
}

@article{ir_detect_fire,
  title={Satellite remote sensing of fires during the SAFARI campaign using NOAA advanced very high resolution radiometer data},
  author={Justice, CO and Kendall, JD and Dowty, PR and Scholes, RJ},
  journal={Journal of Geophysical Research: Atmospheres},
  volume={101},
  number={D19},
  pages={23851--23863},
  year={1996},
  publisher={Wiley Online Library}
}
@article{hysplit_ver,
  title={Description and verification of the NOAA smoke forecasting system: the 2007 fire season},
  author={Rolph, Glenn D and Draxler, Roland R and Stein, Ariel F and Taylor, Albion and Ruminski, Mark G and Kondragunta, Shobha and Zeng, Jian and Huang, Ho-Chun and Manikin, Geoffrey and McQueen, Jeffery T and others},
  journal={Weather and Forecasting},
  volume={24},
  number={2},
  pages={361--378},
  year={2009}
}


@book{petty,
title={A First Course in Atmospheric Radiation},
author={Petty, G.W.},
isbn={9780972903318},
lccn={2006900201},
year={2006},
publisher={Sundog Pub.}
}

@article{modis_active_fire,
  title={The collection 6 MODIS active fire detection algorithm and fire products},
  author={Giglio, Louis and Schroeder, Wilfrid and Justice, Christopher O},
  journal={Remote sensing of environment},
  volume={178},
  pages={31--41},
  year={2016},
  publisher={Elsevier}
}


@article{true_color,
  title={Generation of GOES-16 True Color Imagery without a Green Band},
  author={Bah, MK and Gunshor, MM and Schmit, TJ},
  journal={Earth and Space Science},
  volume={5},
  number={9},
  pages={549--558},
  year={2018},
  publisher={Wiley Online Library}
}


@article{satpy,
  title={PyTroll: An open-source, community-driven python framework to process earth observation satellite data},
  author={Raspaud, Martin and Hoese, David and Dybbroe, Adam and Lahtinen, Panu and Devasthale, Abhay and Itkin, Mikhail and Hamann, Ulrich and Rasmussen, Lars {\O}rum and Nielsen, Esben Stig{\aa}rd and Leppelt, Thomas and others},
  journal={Bulletin of the American Meteorological Society},
  volume={99},
  number={7},
  pages={1329--1336},
  year={2018},
  publisher={American Meteorological Society}
}


@book{goes,
  title={The GOES-R series: a new generation of geostationary environmental satellites},
  author={Goodman, Steven J and Schmit, Timothy J and Daniels, Jaime and Redmon, Robert J},
  year={2019},
  publisher={Elsevier}
}

@article{smoke_goes,
  title={Wildfire smoke plume segmentation using geostationary satellite imagery},
  author={Jeff Wen and M. Burke},
  journal={ArXiv},
  year={2021},
  volume={abs/2109.01637},
  url={https://api.semanticscholar.org/CorpusID:237416777}
}


@online{hms_web,
  author = {NOAA},
  Title = {Hazard Mapping System Fire and Smoke Product},
  url = {https://www.ospo.noaa.gov/Products/land/hms.html#about}
}

@article{cifar,
  title={Learning multiple layers of features from tiny images},
  author={Krizhevsky, Alex and Hinton, Geoffrey and others},
  year={2009},
  publisher={Toronto, ON, Canada}
}



@article{mnist,
  title={The mnist database of handwritten digit images for machine learning research [best of the web]},
  author={Deng, Li},
  journal={IEEE signal processing magazine},
  volume={29},
  number={6},
  pages={141--142},
  year={2012},
  publisher={IEEE}
}


@misc{semantic,
  Author = {Pavel Iakubovskii},
  Title = {Segmentation Models Pytorch},
  Year = {2019},
  Publisher = {GitHub},
  Journal = {GitHub repository},
  Howpublished = {\url{https://github.com/qubvel/segmentation_models.pytorch}}
}



@inproceedings{unet,
  title={U-net: Convolutional networks for biomedical image segmentation},
  author={Ronneberger, Olaf and Fischer, Philipp and Brox, Thomas},
  booktitle={Medical image computing and computer-assisted intervention--MICCAI 2015: 18th international conference, Munich, Germany, October 5-9, 2015, proceedings, part III 18},
  pages={234--241},
  year={2015},
  organization={Springer}
}



@inproceedings{imgnet,
  title={Imagenet: A large-scale hierarchical image database},
  author={Deng, Jia and Dong, Wei and Socher, Richard and Li, Li-Jia and Li, Kai and Fei-Fei, Li},
  booktitle={2009 IEEE conference on computer vision and pattern recognition},
  pages={248--255},
  year={2009},
  organization={Ieee}
}



@inproceedings{resnet,
  title={Deep residual learning for image recognition},
  author={He, Kaiming and Zhang, Xiangyu and Ren, Shaoqing and Sun, Jian},
  booktitle={Proceedings of the IEEE conference on computer vision and pattern recognition},
  pages={770--778},
  year={2016}
}


@article{transfer,
title={How transferable are features in deep neural networks?},
author={Yosinski, Jason and Clune, Jeff and Bengio, Yoshua and Lipson, Hod},
journal={Advances in neural information processing systems},
volume={27},
year={2014}
}




@inproceedings{transfer2,
  title={CNN features off-the-shelf: an astounding baseline for recognition},
  author={Sharif Razavian, Ali and Azizpour, Hossein and Sullivan, Josephine and Carlsson, Stefan},
  booktitle={Proceedings of the IEEE conference on computer vision and pattern recognition workshops},
  pages={806--813},
  year={2014}
}



@article{pseudo,
author = {Lee, Dong-Hyun},
year = {2013},
month = {07},
pages = {},
title = {Pseudo-Label : The Simple and Efficient Semi-Supervised Learning Method for Deep Neural Networks},
journal = {ICML 2013 Workshop : Challenges in Representation Learning (WREPL)}
}

@article{conf_thresh,
  title={Using pseudo-labeling to improve performance of deep neural networks for animal identification},
  author={Ferreira, Rafael EP and Lee, Yong Jae and D{\'o}rea, Jo{\~a}o RR},
  journal={Scientific Reports},
  volume={13},
  number={1},
  pages={13875},
  year={2023},
  publisher={Nature Publishing Group UK London}
}



@inproceedings{efficientnetv2,
  title={Efficientnetv2: Smaller models and faster training},
  author={Tan, Mingxing and Le, Quoc},
  booktitle={International conference on machine learning},
  pages={10096--10106},
  year={2021},
  organization={PMLR}
}


@article{deeplab,
  title={Deeplab: Semantic image segmentation with deep convolutional nets, atrous convolution, and fully connected crfs},
  author={Chen, Liang-Chieh and Papandreou, George and Kokkinos, Iasonas and Murphy, Kevin and Yuille, Alan L},
  journal={IEEE transactions on pattern analysis and machine intelligence},
  volume={40},
  number={4},
  pages={834--848},
  year={2017},
  publisher={IEEE}
}


@article{fires2020,
  title={Large California wildfires: 2020 fires in historical context},
  author={Keeley, Jon E and Syphard, Alexandra D},
  journal={Fire Ecology},
  volume={17},
  pages={1--11},
  year={2021},
  publisher={Springer}
}


@article{ag_fire,
  title={Agricultural burning in the Southeastern United States detected by MODIS},
  author={McCarty, Jessica L and Justice, Christopher O and Korontzi, Stefania},
  journal={Remote Sensing of Environment},
  volume={108},
  number={2},
  pages={151--162},
  year={2007},
  publisher={Elsevier}
}


@article{diurnal,
  title={New fire diurnal cycle characterizations to improve fire radiative energy assessments made from MODIS observations},
  author={Andela, N and Kaiser, JW and Van der Werf, GR and Wooster, MJ},
  journal={Atmospheric Chemistry and Physics},
  volume={15},
  number={15},
  pages={8831--8846},
  year={2015},
  publisher={Copernicus GmbH G{\"o}ttingen, Germany}
}


@article{night,
  title={Patterns of fire activity over Indonesia and Malaysia from polar and geostationary satellite observations},
  author={Hyer, Edward J and Reid, Jeffrey S and Prins, Elaine M and Hoffman, Jay P and Schmidt, Christopher C and Miettinen, Jukka I and Giglio, Louis},
  journal={Atmospheric research},
  volume={122},
  pages={504--519},
  year={2013},
  publisher={Elsevier}
}

